<record><leader>00000cas a22000007a 4500</leader><controlfield tag="001">17109010</controlfield><controlfield tag="008">871128d188218uuinudn ne      0    0eng d</controlfield><datafield ind1=" " ind2=" " tag="010"><subfield code="a">sn 87056890 </subfield></datafield><datafield ind1=" " ind2=" " tag="040"><subfield code="a">NPI</subfield><subfield code="b">eng</subfield><subfield code="c">NPI</subfield><subfield code="d">OCLCQ</subfield></datafield><datafield ind1=" " ind2=" " tag="042"><subfield code="a">msc</subfield></datafield><datafield ind1="0" ind2="0" tag="245"><subfield code="a">Every day enterprise.</subfield></datafield><datafield ind1=" " ind2=" " tag="260"><subfield code="a">Michigan City [Ind.] :</subfield><subfield code="b">Lew, Morrill</subfield></datafield><datafield ind1=" " ind2=" " tag="310"><subfield code="a">Daily (except Sun.)</subfield></datafield><datafield ind1="1" ind2=" " tag="362"><subfield code="a">Began in 1882.</subfield><subfield code="z">Cf. Ayer, 1884.</subfield></datafield><datafield ind1=" " ind2=" " tag="580"><subfield code="a">Issued also in weekly edition called: Michigan City enterprise.</subfield></datafield><datafield ind1=" " ind2=" " tag="588"><subfield code="a">Description based on: Vol. 1, no. 66 (Nov. 4, 1882).</subfield></datafield><datafield ind1=" " ind2=" " tag="752"><subfield code="a">United States</subfield><subfield code="b">Indiana</subfield><subfield code="c">La Porte</subfield><subfield code="d">Michigan City.</subfield></datafield><datafield ind1="1" ind2=" " tag="775"><subfield code="t">Michigan City enterprise</subfield><subfield code="w">(DLC)sn 84037945</subfield></datafield></record>